<?xml version="1.0" encoding="UTF-8" ?><marc:collection xmlns:marc="http://www.loc.gov/MARC21/slim" xmlns:xsi="http://www.w3.org/2001/XMLSchema-instance" xsi:schemaLocation="http://www.loc.gov/MARC21/slim http://www.loc.gov/standards/marcxml/schema/MARC21slim.xsd">
<marc:record><marc:leader>07025nam a2200421   4500</marc:leader>
<marc:controlfield tag="001">6239</marc:controlfield>
<marc:controlfield tag="003">aeadna</marc:controlfield><marc:controlfield tag="005">20100502082500.0</marc:controlfield><marc:controlfield tag="008">990223s1906  le      0f1  ara0d1 0dara u</marc:controlfield><marc:datafield tag="035" ind1=" " ind2=" "><marc:subfield code="a">(Sirsi) 6239</marc:subfield></marc:datafield><marc:datafield tag="040" ind1=" " ind2=" "><marc:subfield code="a">nal</marc:subfield><marc:subfield code="b">ara</marc:subfield><marc:subfield code="e">AACR2</marc:subfield></marc:datafield><marc:datafield tag="041" ind1="0" ind2=" "><marc:subfield code="a">ara</marc:subfield></marc:datafield><marc:datafield tag="050" ind1=" " ind2="4"><marc:subfield code="a">DT46</marc:subfield><marc:subfield code="b">.M3 1906</marc:subfield></marc:datafield><marc:datafield tag="066" ind1=" " ind2=" "><marc:subfield code="c">(3</marc:subfield><marc:subfield code="c">$1</marc:subfield></marc:datafield><marc:datafield tag="082" ind1="1" ind2="0"><marc:subfield code="a">932</marc:subfield><marc:subfield code="b">21</marc:subfield></marc:datafield><marc:datafield tag="090" ind1=" " ind2=" "><marc:subfield code="a"></marc:subfield></marc:datafield><marc:datafield tag="100" ind1="1" ind2=" "><marc:subfield code="a">المقريزي، أحمد بن علي،</marc:subfield><marc:subfield code="d">1364-1442 م.</marc:subfield></marc:datafield><marc:datafield tag="245" ind1="1" ind2="0"><marc:subfield code="a">كتاب المواعظ والإعتبار بذكر الخطط والآثار المعروف بالخطط المقريزية /</marc:subfield><marc:subfield code="c"> تأليف تقي الدين أبي العباس أحمد بن علي المقريزي.</marc:subfield></marc:datafield><marc:datafield tag="246" ind1="3" ind2="0"><marc:subfield code="a">الخطط المقريزية</marc:subfield></marc:datafield><marc:datafield tag="246" ind1="3" ind2="0"><marc:subfield code="a">المواعظ والإعتبار بذكر الخطط والآثار المعروف بالخطط المقريزية.</marc:subfield></marc:datafield><marc:datafield tag="260" ind1=" " ind2=" "><marc:subfield code="a">القاهرة :</marc:subfield><marc:subfield code="b">مطبعة النيل،</marc:subfield><marc:subfield code="c">1324 هـ. [1906م.].</marc:subfield></marc:datafield><marc:datafield tag="300" ind1=" " ind2=" "><marc:subfield code="a">4 ج. ؛</marc:subfield><marc:subfield code="c">20 سم.</marc:subfield></marc:datafield><marc:datafield tag="500" ind1=" " ind2=" "><marc:subfield code="a"></marc:subfield></marc:datafield><marc:datafield tag="500" ind1=" " ind2=" "><marc:subfield code="a">تابع من سيرة المؤلف : هو أحمد بن علي المقريزي المعروف باسم &amp;#xab;تقي الدين المقريزي&amp;#xbb; وهو مؤرخ مسلم، ولد وتوفي في القاهرة (764 هـ ـ 845 هـ) (1364م - 1442م) ممن اهتموا بالتأريخ بكل نواحيه.  المؤرخ تقي الدين أحمد أبو محمد وأبو العباس بن علي بن عبد القادر بن محمد المقريزي الشافعي الأثري، من أعلام التاريخ، سار شوطًا بعيدًا في حدود الفكر والعقل. وبحث في أصول البشر وأصول الديانات، وكانت له دراية بمذاهب أهل الكتاب، كان حسن الخلق، كريم العهد، كثير التواضع، عالي الهمة فيمن يقصده لنيل العلم والدراسة، محبًا للذاكرة والمداومة على التهجد والأوراد وحسن الصلاة ومزيد الطمأنينة، ملازمًا لبيته (ويتهمه السخاوي بعدم الإتقان فيما يرويه من الحوادث عن المتقدمين ولكن المؤرخين لم يعولوا على ما ذكره السخاوي فيه لأن آثار المقريزي شاهدة له بالعلم والفضل &amp;#x2013; وابن حجر وهو شيخ السخاوي يقول فيه &amp;#xab;في المقريزي&amp;#xbb; له النظم الفائق والنثر الرائق)،ثم يقول عنه أحد المؤرخين: (إن المقريزي كان متبحرًا في التاريخ على اختلاف أنواعه، ومؤلفاته تشهد له بذلك وإن جحده السخاوي بذلك، فذلك رأيه في غالب أعيان معاصريه). ُعرف بالمقريزي نسبة لحارة في بعلبك تعرف بحارة المقارزة فيقال أن أجداده من بعلبك وأن والده ذهب إلى القاهرة حيث ولى بها بعض الوظائف، ولد المقريزي حسبما يذكر هو عن نفسه بعد سنة 760 هـ وابن حجر يقول إن مولده كان في سنة 766 هـ كما رآه بخط المقريزي نفسه، أما الإمام السيوطي فيقول إن مولده كان في عام 769 هـ، أما وفاته فهي محل اتفاق، حيث توفي في مصر عصر يوم الخميس 16 رمضان سنة 845 هـ بالقاهرة ودفن يوم الجمعة قبل الصلاة بحوش الصوصية البيبرسية. (كان المقريزي محل احترام رجال الدولة في عصره وكانوا يعرضون عليه أسمى المناصب فكان يجيب مرة ويرفض أخرى، وحبب إليه العلم في آخر أمره فأعرض عن كل مظاهر الحياة وأبهتها وفّرغ نفسه للعلم وكان ميله إلى التاريخ أكثر من غيره حتى اشتهر ذكره به وبعد صيته فألف كثيرًا وأجاد في مؤلفاته التي أربت على مأتي مجلد كبار، كما يقول هو عن نفسه وقلما أجاد مكثر. كان سلفّي العقيدة، أثرّيًا على الجادة، محبًا للسلف رحمهم الله، يثني على مذهبهم وعقيدتهم ويدافع عنه في وقت انتشار عقائد مخالفة.  شغل المقريزي العديد من وظائف الدولة في عصره، حيث ولي فيها الحسبة والخطابة والإمامة عدة مرات، ثم عمل مع الملك الظاهر برقوق ودخل دمشق مع ولده الناصر سنة 810 هـ، وُعرض على المقريزي قضاؤها فأبى، ثم عاد فيما بعد إلى مصر. وتجدر الإشارة هنا إلى أن بعض الأعمال للمقريزي، قد تمت ترجمتها ونقلها إلى لغات غير العربية، فقد قام المستشرق (كواتر مير) بترجمة قسم كبير من كتاب السلوك للمقريزي وبخاصة ما يتعلق بمرحلة حكم المماليك لمصر، تحت عنوان: “Histoire des Sultan Mamlouks etc, Paris 1832 &amp;#x2013;45&amp;#x201d; ثم تابع (بلوشيت) الترجمة وأكمل ما جاء به كواتر مير في عام 1908م، حيث كتب عن تاريخ مصر وفقًا للمقريزي وأصدر كتابًا بعنوان: “Histoire d'Egypte de Makrizi, trans. E. Blochet -Leroux, 1908&amp;#x201d;. احتل المقريزي مركزًا عاليًا بين المؤرخين المصريين في النصف الأول من القرن التاسع الهجري، حيث أن معظم المؤرخين الكبار كانوا تلاميذ المقريزي، مثل أبي المحاسن يوسف بن تغري بردي مؤلف الكتاب التاريخي النجوم الزاهرة في ملوك مصر والقاهرة، والسخاوي و(أما أحمد بن علي المقريزي، فلا خلاف في تبوئه صدارة المؤرخين المصريين، في النصف الأول من القرن التاسع الهجري ويكفي دليلًا على هذا أن فطاحل ذلك الجيل من المؤرخين في مصر كانوا تلاميذ المقريزي.  تخصص في دراسة الفقه والحديث وعلوم الدين، كما برع في الأدب وأجاد النثر والشعر، وعين أكثر من مرة في وظائف الوعظ وقراءة الحديث والخطابة بجامع عمرو بن العاص والسلطان حسن ومدرسة المؤيد شيخ كما تقلد الإمامة بجامع الحاكم، وتولى وظيفة المحتسب بمدينة القاهرة، وتقلد وظائف إدارية أخرى في القاهرة ودمشق. وعندما بلغ الخمسين من عمره، تفرغ للكتابة وزهد في الوظائف العامة. وتكمن أهمية المقريزي التاريخية في ارتياده أنواٍع جديدة لم نألفها من أسلافه في البحث التاريخي. فقد وجه اهتمامه شطر التاريخ الاجتماعي للشعب المصري وعادات الناس اليومية وتقاليدهم. كما قدم القاهرة القديمة وخططها وأحيائها وتطورها الجغرافي وما حوت من مساجد وبيوت وأسواق ومدارس. قدم لكل ذلك صورًا حيه نابضة ممتعة حتى وكأن عباراته قد استحالت شريطًا سينمائيًا متتابع المشاهد، كما تناول بعض الظواهر الاقتصادية والاجتماعية الخاص مستخدمها منهجًا شموليًا في معالجتها. ولذا غدت مؤلفاته قبلة للباحثين في آثار مصر الإسلامية وتاريخها وحضارتها.</marc:subfield></marc:datafield><marc:datafield tag="500" ind1=" " ind2=" "><marc:subfield code="a">يتضمن كشافات</marc:subfield></marc:datafield><marc:datafield tag="520" ind1=" " ind2=" "><marc:subfield code="a">  من أهم الكتب في تاريخ مصر وجغرافيتها وطبوغرافية عاصمتها في العصر الإسلامي، فهو الكتاب الوحيد الذي وصل الينا ويقدم لنا - اعتمادا على المصادر الأصلية- عرضا شاملا لتاريخ مصر الإسلامية ولتأسيس ونمو عواصم مصر منذ الفتح الإسلامي حتى القرن التاسع الهجري/ الخامس عشر الميلادي، ويعد اليوم مصدرا لا غنى عنه للمشتغلين بدراسة آثار مصر الإسلامية. فيوفر لنا الكتاب قائمة تفصيلية وأوصافا دقيقة بالقصور والجوامع والمدارس والخوانق والحارات والأخطاط والدور والحمامات والقياسر والخانات والأسواق والوكالات التي وجدت في عاصمة مصر خلال تسعة قرون. وترتكز هذه القائمة في الأساس على الملاحظات الشخصية للمقريزي وعلى مصادر لم تصل إلينا، فحفظ لنا المقريزي بذلك نقولا ذات شأن للمؤلفين القدماء الذين فقدت مؤلفاتهم اليوم  والكتاب كتاب مؤسس في التاريخ العمراني ومن أول الكتب المتخصصة في تاريخ المدن..</marc:subfield></marc:datafield><marc:datafield tag="650" ind1=" " ind2="4"><marc:subfield code="a">القوافل</marc:subfield><marc:subfield code="z">القاهرة (مصر)</marc:subfield><marc:subfield code="v">الأعمال المبكرة حتى 1800.</marc:subfield></marc:datafield><marc:datafield tag="650" ind1=" " ind2="4"><marc:subfield code="a">الأسواق</marc:subfield><marc:subfield code="z">القاهرة (مصر)</marc:subfield><marc:subfield code="v">الأعمال المبكرة حتى 1800.</marc:subfield></marc:datafield><marc:datafield tag="651" ind1=" " ind2="4"><marc:subfield code="a">مصر القديمة</marc:subfield><marc:subfield code="x">تاريخ</marc:subfield><marc:subfield code="v">الأعمال المبكرة حتى 1800.</marc:subfield></marc:datafield><marc:datafield tag="651" ind1=" " ind2="4"><marc:subfield code="a">مصر</marc:subfield><marc:subfield code="x">الآثار</marc:subfield><marc:subfield code="v">الأعمال المبكرة حتى 1800.</marc:subfield></marc:datafield><marc:datafield tag="651" ind1=" " ind2="4"><marc:subfield code="a">مصر</marc:subfield><marc:subfield code="x">وصف و رحلات</marc:subfield><marc:subfield code="v">الأعمال المبكرة حتى 1800.</marc:subfield></marc:datafield><marc:datafield tag="651" ind1=" " ind2="4"><marc:subfield code="a">مصر</marc:subfield><marc:subfield code="x">تاريخ</marc:subfield><marc:subfield code="v">الأعمال المبكرة حتى 1800.</marc:subfield></marc:datafield><marc:datafield tag="700" ind1="1" ind2=" "><marc:subfield code="a">المقريزي، أحمد بن علي،</marc:subfield><marc:subfield code="d">1364-1442 م.</marc:subfield><marc:subfield code="t">الخطط المقريزية.</marc:subfield></marc:datafield><marc:datafield tag="775" ind1="0" ind2=" "><marc:subfield code="a">المقريزي، أحمد بن علي،</marc:subfield><marc:subfield code="d">لندن : مؤسسة الفرقان للتراث الإسلامي، 2002م.</marc:subfield><marc:subfield code="t">كتاب المواعظ والاعتبار في ذكر الخطط والآثار لتقي الدين أحمد بن علي بن عبدالقادر المقريزي /</marc:subfield><marc:subfield code="z">1873992637</marc:subfield></marc:datafield><marc:datafield tag="949" ind1=" " ind2=" "><marc:subfield code="a">932 ك &amp;#xfffd;DE&amp;#xfffd; &amp;#xfffd;DF&amp;#xfffd; ت</marc:subfield><marc:subfield code="v">1</marc:subfield><marc:subfield code="w">DDC</marc:subfield><marc:subfield code="i">30018000000694</marc:subfield><marc:subfield code="u">06/22/2003</marc:subfield><marc:subfield code="d">04/26/2010</marc:subfield><marc:subfield code="n">0</marc:subfield><marc:subfield code="t">Book</marc:subfield><marc:subfield code="l">av</marc:subfield><marc:subfield code="m">MAIN</marc:subfield><marc:subfield code="x">RAR</marc:subfield></marc:datafield><marc:datafield tag="949" ind1=" " ind2=" "><marc:subfield code="a">932 ك &amp;#xfffd;DE&amp;#xfffd; &amp;#xfffd;DF&amp;#xfffd; ت</marc:subfield><marc:subfield code="v">2</marc:subfield><marc:subfield code="w">DDC</marc:subfield><marc:subfield code="i">30018000000693</marc:subfield><marc:subfield code="u">06/22/2003</marc:subfield><marc:subfield code="d">04/26/2010</marc:subfield><marc:subfield code="n">0</marc:subfield><marc:subfield code="t">Book</marc:subfield><marc:subfield code="l">av</marc:subfield><marc:subfield code="m">MAIN</marc:subfield><marc:subfield code="x">RAR</marc:subfield></marc:datafield><marc:datafield tag="949" ind1=" " ind2=" "><marc:subfield code="a">932 ك &amp;#xfffd;DE&amp;#xfffd; &amp;#xfffd;DF&amp;#xfffd; ت</marc:subfield><marc:subfield code="v">3</marc:subfield><marc:subfield code="w">DDC</marc:subfield><marc:subfield code="i">30018000000666</marc:subfield><marc:subfield code="u">06/22/2003</marc:subfield><marc:subfield code="d">04/26/2010</marc:subfield><marc:subfield code="n">0</marc:subfield><marc:subfield code="t">Book</marc:subfield><marc:subfield code="l">av</marc:subfield><marc:subfield code="m">MAIN</marc:subfield><marc:subfield code="x">RAR</marc:subfield></marc:datafield><marc:datafield tag="949" ind1=" " ind2=" "><marc:subfield code="a">932 ك &amp;#xfffd;DE&amp;#xfffd; &amp;#xfffd;DF&amp;#xfffd; ت</marc:subfield><marc:subfield code="v">4</marc:subfield><marc:subfield code="w">DDC</marc:subfield><marc:subfield code="i">30018000000667</marc:subfield><marc:subfield code="u">06/22/2003</marc:subfield><marc:subfield code="d">04/26/2010</marc:subfield><marc:subfield code="n">0</marc:subfield><marc:subfield code="t">Book</marc:subfield><marc:subfield code="l">av</marc:subfield><marc:subfield code="m">MAIN</marc:subfield><marc:subfield code="x">RAR</marc:subfield></marc:datafield></marc:record>
</marc:collection>
